<?xml version="1.0" encoding="UTF-8"?><collection xmlns="http://www.loc.gov/MARC21/slim"><record><leader>00481nam--2200133-i-4500</leader><controlfield tag="001">000008022</controlfield><controlfield tag="002">20161230</controlfield><controlfield tag="005">20170304211527</controlfield><controlfield tag="008">060222s1000------------r-----000-0-eng-d</controlfield><datafield ind1=" " ind2=" " tag="245"><subfield code="a">9-e colloque de metallurgie. Etude sur la corrosion et la protection du zirconium et de ses alliages. (Study of corrosion and protection of zirconium and its alloys</subfield></datafield><datafield ind1=" " ind2=" " tag="260"><subfield code="a">Saclay</subfield><subfield code="b">Centre D Etudes Nucleaires De Saclay</subfield><subfield code="c">1966</subfield></datafield><datafield ind1=" " ind2=" " tag="300"><subfield code="a">195 p</subfield></datafield><datafield ind1=" " ind2=" " tag="852"><subfield code="a">669.296</subfield></datafield><datafield ind1=" " ind2=" " tag="CAT"><subfield code="a">SYS</subfield><subfield code="c">20170304</subfield><subfield code="h">211527</subfield></datafield></record></collection>